% Encoding: UTF-8

%%%
%
%Beim Erstellen der Bibtex-Datei wird empfohlen darauf zu achten, dass die DOI aufgeführt wird.
%
%%%

@book{RUP,
author = {P. Kruchten},
title = {The Rational Unified Process: An Introduction – 2nd Edition},
year = {2000},
publisher = {Addison-Wesley Professional},
isbn = {0201707101}
}

@techreport{SAVOIR,
author = {Andreas Jung, Marco Panunzio and Jean-Loup Terraillon supported by the
Savoir-Faire working group},
title = {SAVOIR-FAIRE - On-board Software Reference Architecture},
institution = {ESTEC-European Space Technology and Research Centre},
year = {2010},
OPTkey = {•},
OPTtype = {Report},
OPTnumber = {TEC-SWE/09-289/AJ},
OPTaddress = {European Space Research and Technology Centre - Keplerlaan 1 - 2201 AZ Noordwijk - The Netherlands},
OPTmonth = {June},
OPTnote = {•},
OPTannote = {•}
}

@inproceedings{BasConAUTOSAR,
  author =       {H. Bo, D. Hui, W. Dafang and Z. Guifan},
  title =        {Basic Concepts on AUTOSAR Development},
  crossref =     {ICIICTA:10},
  pages =        {871-873},
  doi =          {10.1109/ICICTA.2010.571}
}

@proceedings{ICIICTA:10,
  title        = {2010 International Conference on Intelligent Computation Technology and Automation},
  eventdate    = {2010-05-11},
  venue        = {Changsha, China},
  isbn         = {978-1-4244-7280-2},
  publisher    = {IEEE},
  date         = {2010}
}

@inproceedings{EfAnAUTOSAR,
  author =       {S. Dersten, J. Axelsson and J. Froberg},
  title =        {Effect Analysis of the Introduction of AUTOSAR - A Systematic Literature Review},
  crossref =     {EUROMICROSEAA:11},
  pages =        {239-246},
  doi =          {10.1109/SEAA.2011.44}
}

@proceedings{EUROMICROSEAA:11,
  title        = {2011 37th EUROMICRO Conference on Software Engineering and Advanced Applications},
  eventdate    = {2011-08-30},
  venue        = {Oulu, Finland},
  isbn         = {978-1-4577-1027-8},
  publisher    = {IEEE},
  date         = {2011}
}

@inproceedings{CORDET,
  author =       {Rodriquez, Ana-Isabel and Ferrero, Francisco and Alana, Elena and Jung, Andreas and Panunzio, Marco and Vardanega, Tullio and Grenham, Adrian},
  title =        {The Component Layer of Cordet On-Board Software Architecture},
  crossref =     {DASIA:12}
}

@proceedings{DASIA:12,
  editor       = {L. Ouwehand. ESA SP-701},
  title        = {DASIA 2012 DAta Systems In Aerospace},
  eventdate    = {2012-05-14},
  venue        = {in Drubrovnik, Croatia},
  isbn         = {978-92-9092-265-0},
  id           = {33},
  date         = {2012}
}

@InProceedings{SoftRefArch,
author="Panunzio, Marco and Vardanega, Tullio",
editor="Favaro, John and Morisio, Maurizio",
title="On Software Reference Architectures and Their Application to the Space Domain",
booktitle="Safe and Secure Software Reuse",
year="2013",
publisher="Springer Berlin Heidelberg",
address="Berlin, Heidelberg",
pages="144--159",
isbn="978-3-642-38977-1"
}

@InProceedings{ComponentModel,
author="M. Panunzio and T. Vardanega",
title="A Component Model for On-board Software Applications",
booktitle="36th EUROMICRO Conference on Software Engineering and Advanced Applications",
eventdate = "2010-09-01",
publisher="IEEE",
address="Lille, France",
pages="57-64",
doi="10.1109/SEAA.2010.39",
isbn="978-1-4244-7901-6"
}

@article{CompBasedProcess,
title = "A component-based process with separation of concerns for the development of embedded real-time software systems",
journal = "Journal of Systems and Software",
volume = "96",
pages = "105 - 121",
year = "2014",
issn = "0164-1212",
doi = "https://doi.org/10.1016/j.jss.2014.05.076",
url = "http://www.sciencedirect.com/science/article/pii/S0164121214001381",
author = "Marco Panunzio and Tullio Vardanega"
}

@article{CharEvoRAVCodeAr,
 author = {Panunzio, Marco and Vardanega, Tullio},
 title = {Charting the Evolution of the Ada Ravenscar Code Archetypes},
 journal = {Ada Lett.},
 issue_date = {April 2013},
 volume = {33},
 number = {1},
 month = jun,
 year = {2013},
 issn = {1094-3641},
 pages = {64--83},
 numpages = {20},
 url = {http://doi.acm.org/10.1145/2492312.2492320},
 doi = {10.1145/2492312.2492320},
 acmid = {2492320},
 publisher = {ACM},
 address = {New York, NY, USA},
}

@InProceedings{ScheduAnaly,
author={M. Bordin and M. Panunzio and T. Vardanega},
booktitle={2008 Euromicro Conference on Real-Time Systems},
title={Fitting Schedulability Analysis Theory into Model-Driven Engineering},
year={2008},
pages={135-144},
keywords={scheduling;software architecture;systems analysis;iterative refinement;model-driven engineering;schedulability analysis theory;state-of-the-art analysis equations;Automation;Equations;Feeds;Information analysis;Job shop scheduling;Mathematics;Model driven engineering;Processor scheduling;Real time systems;Risk analysis;MARTE;Model-Driven Engineering;Model-based Schedulability Analysis;RCM;Ravenscar Computational Model},
doi={10.1109/ECRTS.2008.12},
ISSN={1068-3070},
month={July},}

@PhdThesis{PhdThesis,
author = {Marco Panunzio},
title = {Definition, realization and evaluation of a software reference architecture for use in space applications},
school = {Universitàdi Bologna Università degli Studi di Padova},
year = {2011}
}

@techreport{ISO42010,
type = {Standard},
key = {ISO/IEC/(IEEE)},
month = mar,
year = {2007},
title = {Systems and Software engineering - Recomended practice for architectural description of software-intensive systems},
volume = {2000},
address = {Geneva, CH},
institution = {ISO/IEC 42010 (IEEE Std) 1471-2000},
}

@manual{AUTOSARurl,
  author = "AUTOSAR",
  url= "https://elearning.vector.com/index.php?&wbt_ls_seite_id=1044961&root=378422&seite=vl_autosar_introduction_en,",
}

@manual{InvOfCntrlurl,
  author = "InversionOfControl",
  url= "https://msdn.microsoft.com/en-us/library/ff921087.aspx,",
}

